0                 01CBA       Freo Machinery            175029AP PAYMENTS 300621                                        
1123-001234567800 530000152000Freo Machinery                  FGPL              123-001234567800Freo Group Pty  00000000
7999-999            000015200000001520000000000000                        000001                                        