0032-898 12345678 01CBA       User Name                 175029Payroll     290621                                        
1032-898 12345678 130000152000Femi Denton                     122               032-898 12345678Remitter        00000000
7999-999            000015200000000000000000152000                        000001                                        