0123-456 12345678 01CBA       User Name                 175029Payroll     300621                                        
1123-456 12345678 130000152000Femi Denton                     122               123-456 12345678Remitter        00000000
7999-999            000015200000000000000000152000                        000001                                        